@article{RevModPhys.85.1561,
  title = {Colloquium: Annual modulation of dark matter},
  author = {Freese, Katherine and Lisanti, Mariangela and Savage, Christopher},
  journal = {Rev. Mod. Phys.},
  volume = {85},
  issue = {4},
  pages = {1561--1581},
  numpages = {0},
  year = {2013},
  month = {Nov},
  publisher = {American Physical Society},
  doi = {10.1103/RevModPhys.85.1561},
  url = {https://link.aps.org/doi/10.1103/RevModPhys.85.1561}
}


@misc{akerib2020effective,
      title={An Effective Field Theory Analysis of the First LUX Dark Matter Search}, 
      author={D. S. Akerib and S. Alsum and H. M. Araújo and X. Bai and J. Balajthy and A. Baxter and E. P. Bernard and A. Bernstein and T. P. Biesiadzinski and E. M. Boulton and B. Boxer and P. Brás and S. Burdin and D. Byram and M. C. Carmona-Benitez and C. Chan and J. E. Cutter and L. de Viveiros and E. Druszkiewicz and A. Fan and S. Fiorucci and R. J. Gaitskell and C. Ghag and M. G. D. Gilchriese and C. Gwilliam and C. R. Hall and S. J. Haselschwardt and S. A. Hertel and D. P. Hogan and M. Horn and D. Q. Huang and C. M. Ignarra and R. G. Jacobsen and O. Jahangir and W. Ji and K. Kamdin and K. Kazkaz and D. Khaitan and E. V. Korolkova and S. Kravitz and V. A. Kudryavtsev and N. A. Larsen and E. Leason and B. G. Lenardo and K. T. Lesko and J. Liao and J. Lin and A. Lindote and M. I. Lopes and A. Manalaysay and R. L. Mannino and N. Marangou and D. N. McKinsey and D. -M. Mei and M. Moongweluwan and J. A. Morad and A. St. J. Murphy and A. Naylor and C. Nehrkorn and H. N. Nelson and F. Neves and A. Nilima and K. C. Oliver-Mallory and K. J. Palladino and E. K. Pease and Q. Riffard and G. R. C. Rischbieter and C. Rhyne and P. Rossiter and S. Shaw and T. A. Shutt and C. Silva and M. Solmaz and V. N. Solovov and P. Sorensen and T. J. Sumner and M. Szydagis and D. J. Taylor and R. Taylor and W. C. Taylor and B. P. Tennyson and P. A. Terman and D. R. Tiedt and W. H. To and L. Tvrznikova and U. Utku and S. Uvarov and A. Vacheret and V. Velan and R. C. Webb and J. T. White and T. J. Whitis and M. S. Witherell and F. L. H. Wolfs and D. Woodward and J. Xu and C. Zhang},
      year={2020},
      eprint={2003.11141},
      archivePrefix={arXiv},
      primaryClass={astro-ph.CO}
}
@article{Anand_2014,
   title={Weakly interacting massive particle-nucleus elastic scattering response},
   volume={89},
   ISSN={1089-490X},
   url={http://dx.doi.org/10.1103/PhysRevC.89.065501},
   DOI={10.1103/physrevc.89.065501},
   number={6},
   journal={Physical Review C},
   publisher={American Physical Society (APS)},
   author={Anand, Nikhil and Fitzpatrick, A. Liam and Haxton, W. C.},
   year={2014},
   month={Jun}
}
@article{DONNELLY1979103,
title = {Multipole operators in semileptonic weak and electromagnetic interactions with nuclei: Harmonic oscillator single-particle matrix elements},
journal = {Atomic Data and Nuclear Data Tables},
volume = {23},
number = {2},
pages = {103-176},
year = {1979},
issn = {0092-640X},
doi = {https://doi.org/10.1016/0092-640X(79)90003-2},
url = {https://www.sciencedirect.com/science/article/pii/0092640X79900032},
author = {T.W. Donnelly and W.C. Haxton},
abstract = {We discuss the multipole operators that arise in treatments of semileptonic weak and electromagnetic interactions with nuclei. Tables in which exact expressions for the single-particle matrix elements of these operators in a harmonic oscillator basis are given for a wide range of oscillator shells. Together with some approximation to the one-body density matrix, these tables will allow the reader to calculate with ease cross sections for (e, e′), real photon processes, β-decay, and charged lepton capture, as well as those for many more exotic semileptonic interactions (charged and neutral current neutrino reactions, (μ, e) conversion, etc.). A specific example, elastic magnetic electron scattering from 27Al, is considered in detail.}
}
@article{Fitzpatrick_2013,
	doi = {10.1088/1475-7516/2013/02/004},
	url = {https://doi.org/10.1088/1475-7516/2013/02/004},
	year = 2013,
	month = {feb},
	publisher = {{IOP} Publishing},
	volume = {2013},
	number = {02},
	pages = {004--004},
	author = {A. Liam Fitzpatrick and Wick Haxton and Emanuel Katz and Nicholas Lubbers and Yiming Xu},
	title = {The effective field theory of dark matter direct detection},
	journal = {Journal of Cosmology and Astroparticle Physics},
	abstract = {We extend and explore the general non-relativistic effective theory of dark matter (DM) direct detection. We describe the basic non-relativistic building blocks of operators and discuss their symmetry properties, writing down all Galilean-invariant operators up to quadratic order in momentum transfer arising from exchange of particles of spin 1 or less. Any DM particle theory can be translated into the coefficients of an effective operator and any effective operator can be simply related to most general description of the nuclear response. We find several operators which lead to novel nuclear responses. These responses differ significantly from the standard minimal WIMP cases in their relative coupling strengths to various elements, changing how the results from different experiments should be compared against each other. Response functions are evaluated for common DM targets — F, Na, Ge, I, and Xe — using standard shell model techniques. We point out that each of the nuclear responses is familiar from past studies of semi-leptonic electroweak interactions, and thus potentially testable in weak interaction studies. We provide tables of the full set of required matrix elements at finite momentum transfer for a range of common elements, making a careful and fully model-independent analysis possible. Finally, we discuss embedding non-relativistic effective theory operators into UV models of dark matter.}
}
@article{PhysRevC.89.065501,
  title = {Weakly interacting massive particle-nucleus elastic scattering response},
  author = {Anand, Nikhil and Fitzpatrick, A. Liam and Haxton, W. C.},
  journal = {Phys. Rev. C},
  volume = {89},
  issue = {6},
  pages = {065501},
  numpages = {26},
  year = {2014},
  month = {Jun},
  publisher = {American Physical Society},
  doi = {10.1103/PhysRevC.89.065501},
  url = {https://link.aps.org/doi/10.1103/PhysRevC.89.065501}
}

@article{Primack:1988zm,
    author = "Primack, Joel R. and Seckel, David and Sadoulet, Bernard",
    title = "{Detection of Cosmic Dark Matter}",
    reportNumber = "SCIPP-88-14",
    doi = "10.1146/annurev.ns.38.120188.003535",
    journal = "Ann. Rev. Nucl. Part. Sci.",
    volume = "38",
    pages = "751--807",
    year = "1988"
}


@article{Blumenthal:1984bp,
    author = "Blumenthal, George R. and Faber, S.M. and Primack, Joel R. and Rees, Martin J.",
    editor = "Srednicki, M.A.",
    title = "{Formation of Galaxies and Large Scale Structure with Cold Dark Matter}",
    reportNumber = "SLAC-PUB-3307",
    doi = "10.1038/311517a0",
    journal = "Nature",
    volume = "311",
    pages = "517--525",
    year = "1984"
}



@article{Feng:2010gw,
    author = "Feng, Jonathan L.",
    title = "{Dark Matter Candidates from Particle Physics and Methods of Detection}",
    eprint = "1003.0904",
    archivePrefix = "arXiv",
    primaryClass = "astro-ph.CO",
    reportNumber = "UCI-TR-2009-13",
    doi = "10.1146/annurev-astro-082708-101659",
    journal = "Ann. Rev. Astron. Astrophys.",
    volume = "48",
    pages = "495--545",
    year = "2010"
}

@article{Bertone:2016nfn,
    author = "Bertone, Gianfranco and Hooper, Dan",
    title = "{History of dark matter}",
    eprint = "1605.04909",
    archivePrefix = "arXiv",
    primaryClass = "astro-ph.CO",
    reportNumber = "FERMILAB-PUB-16-157-A",
    doi = "10.1103/RevModPhys.90.045002",
    journal = "Rev. Mod. Phys.",
    volume = "90",
    number = "4",
    pages = "045002",
    year = "2018"
}

@article{RevModPhys.71.S197,
  title = {Deciphering the nature of dark matter},
  author = {Sadoulet, Bernard},
  journal = {Rev. Mod. Phys.},
  volume = {71},
  issue = {2},
  pages = {S197--S204},
  numpages = {0},
  year = {1999},
  month = {Mar},
  publisher = {American Physical Society},
  doi = {10.1103/RevModPhys.71.S197},
  url = {https://link.aps.org/doi/10.1103/RevModPhys.71.S197}
}
@article{PhysRevD.31.3059,
  title = {Detectability of certain dark-matter candidates},
  author = {Goodman, Mark W. and Witten, Edward},
  journal = {Phys. Rev. D},
  volume = {31},
  issue = {12},
  pages = {3059--3063},
  numpages = {0},
  year = {1985},
  month = {Jun},
  publisher = {American Physical Society},
  doi = {10.1103/PhysRevD.31.3059},
  url = {https://link.aps.org/doi/10.1103/PhysRevD.31.3059}
}
@article{Vietze:2014vsa,
    author = "Vietze, L. and Klos, P. and Men\'endez, J. and Haxton, W.C. and Schwenk, A.",
    title = "{Nuclear structure aspects of spin-independent WIMP scattering off xenon}",
    eprint = "1412.6091",
    archivePrefix = "arXiv",
    primaryClass = "nucl-th",
    doi = "10.1103/PhysRevD.91.043520",
    journal = "Phys. Rev. D",
    volume = "91",
    number = "4",
    pages = "043520",
    year = "2015"
}
@article{Hoferichter:2020osn,
    author = "Hoferichter, Martin and Men\'endez, Javier and Schwenk, Achim",
    title = "{Coherent elastic neutrino-nucleus scattering: EFT analysis and nuclear responses}",
    eprint = "2007.08529",
    archivePrefix = "arXiv",
    primaryClass = "hep-ph",
    reportNumber = "INT-PUB-20-026",
    month = "7",
    year = "2020",
    journal = {Phys. Rev. D},
    volume = 102,
    pages = 074018
}

@incollection{Davis1984,
title = {Appendix 2 - FORTRAN Programs},
editor = {Philip J. Davis and Philip Rabinowitz},
booktitle = {Methods of Numerical Integration (Second Edition)},
publisher = {Academic Press},
edition = {Second Edition},
pages = {480-508},
year = {1984},
isbn = {978-0-12-206360-2},
doi = {https://doi.org/10.1016/B978-0-12-206360-2.50014-5},
url = {https://www.sciencedirect.com/science/article/pii/B9780122063602500145}
}

@book{zhang1996computation,
  title={Computation of Special Functions},
  author={Zhang, S. and Jin, J.M.},
  isbn={9780471119630},
  lccn={95049544},
  url={https://books.google.com/books?id=ASfvAAAAMAAJ},
  year={1996},
  publisher={Wiley}
}
@book{edmonds1996angular,
  title={Angular momentum in quantum mechanics},
  author={Edmonds, Alan Robert},
  year={1996},
  publisher={Princeton University Press}
}

@ARTICLE{BIGSTICK1,
author = {Calvin W. Johnson and W. Erich Ormand and Plamen G. Krastev},
title = {Factorization in large-scale many-body calculations},
journal = {Computer Physics Communications},
volume = {184},
pages = {2761-2774},
year = {2013},
}

@misc{BIGSTICK2,
author = {Calvin W. Johnson and W. Erich Ormand and Kenneth S. McElvain and Hongzhang Shan},
title = {BIGSTICK: A flexible configuration-interaction shell-model code},
eprint        = "1801.08432v1",
archivePrefix = "arXiv",
primaryClass  = "physics.comp-ph",
year={2018}
}
@article{PhysRevC.101.054308,
  title = {Uncertainty quantification of an empirical shell-model interaction using principal component analysis},
  author = {Fox, Jordan M. R. and Johnson, Calvin W. and Perez, Rodrigo Navarro},
  journal = {Phys. Rev. C},
  volume = {101},
  issue = {5},
  pages = {054308},
  numpages = {13},
  year = {2020},
  month = {May},
  publisher = {American Physical Society},
  doi = {10.1103/PhysRevC.101.054308},
  url = {https://link.aps.org/doi/10.1103/PhysRevC.101.054308}
}
@article{kang2020sensitivity,
  title={On the sensitivity of present direct detection experiments to WIMP--quark and WIMP--gluon effective interactions: A systematic assessment and new model--independent approaches},
  author={Kang, Sunghyun and Scopel, Stefano and Tomar, Gaurav and Yoon, Jong--Hyun},
  journal={Astroparticle Physics},
  volume={114},
  pages={80--91},
  year={2020},
  publisher={Elsevier}
}
@article{jeong2021wimpydd,
  title={WimPyDD: an object-oriented Python code for the calculation of WIMP direct detection signals},
  author={Jeong, Injun and Kang, Sunghyun and Scopel, Stefano and Tomar, Gaurav},
  journal={arXiv preprint arXiv:2106.06207},
  year={2021}
}
@article{cohen1965effective,
  title={Effective interactions for the 1p shell},
  author={Cohen, S and Kurath, D},
  journal={Nuclear Physics},
  volume={73},
  number={1},
  pages={1--24},
  year={1965},
  publisher={Elsevier}
}
@article{PhysRevC.68.041001,
  title = {Accurate charge-dependent nucleon-nucleon potential at fourth order of chiral perturbation theory},
  author = {Entem, D. R. and Machleidt, R.},
  journal = {Phys. Rev. C},
  volume = {68},
  issue = {4},
  pages = {041001},
  numpages = {5},
  year = {2003},
  month = {Oct},
  publisher = {American Physical Society},
  doi = {10.1103/PhysRevC.68.041001},
  url = {https://link.aps.org/doi/10.1103/PhysRevC.68.041001}
}
@article{PhysRevC.74.034315,
  title = {New ``{USD}'' Hamiltonians for the $\mathit{sd}$ shell},
  author = {Brown, B. Alex and Richter, W. A.},
  journal = {Phys. Rev. C},
  volume = {74},
  issue = {3},
  pages = {034315},
  numpages = {11},
  year = {2006},
  month = {Sep},
  publisher = {American Physical Society},
  doi = {10.1103/PhysRevC.74.034315},
  url = {https://link.aps.org/doi/10.1103/PhysRevC.74.034315}
}
@article{PhysRevC.78.064302,
  title = {$\mathit{sd}$-shell observables for the USDA and USDB Hamiltonians},
  author = {Richter, W. A. and Mkhize, S. and Brown, B. Alex},
  journal = {Phys. Rev. C},
  volume = {78},
  issue = {6},
  pages = {064302},
  numpages = {7},
  year = {2008},
  month = {Dec},
  publisher = {American Physical Society},
  doi = {10.1103/PhysRevC.78.064302},
  url = {https://link.aps.org/doi/10.1103/PhysRevC.78.064302}
}

@article{gysbers2019discrepancy,
  title={Discrepancy between experimental and theoretical $\beta$-decay rates resolved from first principles},
  author={Gysbers, P and Hagen, Gaute and Holt, JD and Jansen, Gustav R and Morris, Titus D and Navr{\'a}til, P and Papenbrock, T and Quaglioni, S and Schwenk, A and Stroberg, SR and others},
  journal={Nature Physics},
  volume={15},
  number={5},
  pages={428--431},
  year={2019},
  publisher={Nature Publishing Group}
}

@article{Cowan_2011,
   title={Asymptotic formulae for likelihood-based tests of new physics},
   volume={71},
   ISSN={1434-6052},
   url={http://dx.doi.org/10.1140/epjc/s10052-011-1554-0},
   DOI={10.1140/epjc/s10052-011-1554-0},
   number={2},
   journal={The European Physical Journal C},
   publisher={Springer Science and Business Media LLC},
   author={Cowan, Glen and Cranmer, Kyle and Gross, Eilam and Vitells, Ofer},
   year={2011},
   month={Feb}
}

@article{Akerib_2020LZ,
   title={Projected WIMP sensitivity of the LUX-ZEPLIN dark matter experiment},
   volume={101},
   ISSN={2470-0029},
   url={http://dx.doi.org/10.1103/PhysRevD.101.052002},
   DOI={10.1103/physrevd.101.052002},
   number={5},
   journal={Physical Review D},
   publisher={American Physical Society (APS)},
   author={Akerib, D. S. and Akerlof, C. W. and Alsum, S. K. and Araújo, H. M. and Arthurs, M. and Bai, X. and Bailey, A. J. and Balajthy, J. and Balashov, S. and Bauer, D. and et al.},
   year={2020},
   month={Mar}
}

@article{Akerib_2020Discrimination,
   title={Discrimination of electronic recoils from nuclear recoils in two-phase xenon time projection chambers},
   volume={102},
   ISSN={2470-0029},
   url={http://dx.doi.org/10.1103/PhysRevD.102.112002},
   DOI={10.1103/physrevd.102.112002},
   number={11},
   journal={Physical Review D},
   publisher={American Physical Society (APS)},
   author={Akerib, D. S. and Alsum, S. and Araújo, H. M. and Bai, X. and Balajthy, J. and Baxter, A. and Bernard, E. P. and Bernstein, A. and Biesiadzinski, T. P. and Boulton, E. M. and et al.},
   year={2020},
   month={Dec}
}

